% A laisser vide, c'est pour empÃªcher des erreurs de compilations du PDF